% bibtex entries 

@article{Sterne2000,
    author = {Sterne, Jim and Cutler, Matt},
    doi = {10.1145/347090.347096},
    isbn = {1581132336},
    keywords = {Metrics},
    pages = {61},
    title = {{E-Metrics: Business Metrics for the New Economy}},
    url = {http://www.netgen.com/emetrics},
    year = {2000}
}

@article{Niazi2011,
    author = {Niazi, Muaz Ahmed Khan},
    pages = {275},
    title = {{Towards A Novel Unified Framework for Developing Formal , Network 
    and Validated Agent-Based Simulation Models of Complex Adaptive Systems}},
    year = {2011}
}

@article{Brailsford2014,
    author = {Brailsford, Sally},
    isbn = {9781479974863},
    journal = {Proceedings of the 2014 Winter Simulation Conference},
    number = {Id},
    pages = {1539--1548},
    title = {{Modeling Human Behaviour - An (ID)entity Crisis?}},
    year = {2014}
}

@article{Banks2004,
    author = {Banks, Jerry and Carson, John and Nelson, Barry L and Nicol, 
    David},
    doi = {10.2307/1268124},
    isbn = {0131446797},
    issn = {00401706},
    journal = {PrenticeHall international series in industrial and systems 
    engineering},
    pages = {624},
    title = {{Discrete-Event System Simulation}},
    url = {http://books.google.com/books?id=wWFRAAAAMAAJ},
    year = {2004}
}
