@article{nasambu2014predicting,
	title={Predicting Sales In E-commerce Using Bayesian Network Model},
	author={Nasambu, Wamukekhe Everlyne and Mwangi, Waweru and Kimwele, Michael},
	journal={International Journal of Computer Science Issues (IJCSI)},
	volume={11},
	number={6},
	pages={144},
	year={2014},
	publisher={International Journal of Computer Science Issues (IJCSI)}
}

@article{peska2012evaluating,
	title={Evaluating Various Implicit Factors in E-commerce},
	author={Peska, Ladislav and Vojtas, Peter},
	journal={RUE (RecSys)},
	pages={51--55},
	year={2012},
	publisher={Citeseer}
}

@article{sismeiro2004modeling,
	title={Modeling purchase behavior at an e-commerce web site: A task-completion approach},
	author={Sismeiro, Catarina and Bucklin, Randolph E},
	journal={Journal of marketing research},
	volume={41},
	number={3},
	pages={306--323},
	year={2004},
	publisher={American Marketing Association}
}
